@article{schaub2017many,
  title={The many facets of community detection in complex networks},
  author={Schaub, Michael T and Delvenne, Jean-Charles and Rosvall, Martin and Lambiotte, Renaud},
  journal={Applied network science},
  volume={2},
  pages={1--13},
  year={2017},
  publisher={Springer}
}

@article{freitas2022graph,
  title={Graph vulnerability and robustness: A survey},
  author={Freitas, Scott and Yang, Diyi and Kumar, Srijan and Tong, Hanghang and Chau, Duen Horng},
  journal={IEEE Transactions on Knowledge and Data Engineering},
  volume={35},
  number={6},
  pages={5915--5934},
  year={2022},
  publisher={IEEE}
}

@article{sanders2012think,
  title={Think locally, act globally: Perfectly balanced graph partitioning},
  author={Sanders, Peter and Schulz, Christian},
  journal={arXiv preprint arXiv:1210.0477},
  year={2012}
}