@article{clustering,
    author = "Michael T. Schaub et al.",
    title = "The many facets of community detection in complex networks",
    journal = "Applied Network Science",
    volume = 2,
    year = "2017",
    DOI = "http://dx.doi.org/10.1007/s41109-017-0023-6",
    keywords = "Community detection, Graph partitioning, Modularity, Block model"
}